@book{landau,
	title={Mecánica de Fluidos},
	author={L.D. Landau, E.M. Lifshitz},
	year={1991},
	publisher={Reverté}
}
	
@book{white,
	title={An Introduction to Fluid Dynamics},
	author={G.K. Batchelor},
	year={2000},
	publisher={Cambridge University Press}
}