@book{kittel,
	title={Introduction to Solid State Physics},
	author={C. Kittel},
	year={2005},
	publisher={John Wiley and Sons}
}

@book{huang,
	title={Statistical Mechanics},
	author={K. Huang},
	year={1987},
	publisher={John Wiley and Sons}
}

@book{metropolis,
	title={The Journal of Chemical Physics. Vol 21},
	author={Metropolis, Rosenbuth, Teller},
	year={1953},
	publisher={AIP Publishing}
}

@book{newman,
	title={Monte Carlo Methods in Stastistical Physics},
	author={Newman, Barkema},
	year={2001},
	publisher={Clarendon Press}
}

@book{landau,
	title={A Guide to Monte Carlo Simulations in Statistical Physics},
	author={Landau, Binder},
	year={2014},
	publisher={Cambridge University Press}
}

@book{koonin,
	title={Computational Physics},
	author={E. Koonin},
	year={2018},
	publisher={CRC Press}
}

@book{adame,
	title={Física del Estado Sólido. Teoría y Métodos Numéricos},
	author={Francisco Domínguez Adame},
	year={2010},
	publisher={S.A. EDICIONES PARANINFO}
}

@book{uned,
	title={Mecánica Estadística},
	author={Abalo, Pacheco, Sánchez},
	year={2008},
	publisher={UNED}
}