@book{landau,
	title={Mecánica de Fluidos},
	author={L.D. Landau, E.M. Lifshitz},
	year={1991},
	publisher={Reverté}
}
	
@book{white,
	title={Mecánica de Fluidos},
	author={F. M. White},
	year={2004},
	publisher={McGraw Hill}
}

@book{upm,
	title={Mecánica de Fluidos},
	author={A. Liñán Martínez, M. Rodríguez Fernández, F.J. Higuera Antón},
	year={2002},
	publisher={ETSI UPM}
}