@book{movilidad,
    title={The Physics of Low-dimensional Semiconductors. An Introduction},
    author={John H.Davies},
    year={1997},
    publisher={Cambridge University Press}
}

@book{kittel,
	title={Introduction to Solid State Physics},
	author={C. Kittel},
	year={2005},
	publisher={John Wiley and Sons}
}

@book{delapena,
	title={Introduccion a la Mecanica Cuantica},
	author={Luis de la Peña},
	year={2013},
	publisher={Fondo de Cultura Económica}
}
