@book{kittel,
	title={Introduction to Solid State Physics},
	author={C. Kittel},
	year={2005},
	publisher={John Wiley and Sons}